%MEUS PADRÕES DE REFERENCIAS
%
%Artigos => Ultimo_Nome_Primeiro_Autor:Ano(aa)
%Conferencias(Sem Proceedings)=> Ultimo_Nome_Primeiro_Autor:Conferenc_Ano(aa)
%Inproceedings => Ultimo_Nome_Primeiro_Autor:Conferenc_Ano(aa)
%Teses e Dissertações => Ultimo_Nome_Autor:Universidade_Ano(aa)
%Books => Ultimo_Nome_Primeiro_Autor:Ano(aa)
%OBS: Mesmo autor  e ano => Ultimo_Nome_Primeiro_Autor_a:Ano(aa)
%

@misc{cnt,
  title={Confedera{\c{c}}{\~a}o Nacional do Transporte},
  author={CNT, PESQUISA RODOVI{\'A}RIA},
  year={2016},
  publisher={Bras{\'\i}lia: SEST/SENAT}
}

@misc{der-mg,
  title={AVALIAÇÃO DA MACRO TEXTURA DE PAVIMENTOS VIÁRIOS ATRAVÉS DO
ENSAIO DE MANCHA DE AREIA},
  author={DER-MG},
  year={2005},
  publisher={Grupo Permanente de Normas Técnicas - DER-MG}
}

@standard{iso113473,
  title={Characterization of pavement texture by use of surface profiles - Part 1: Determination of Mean Profile Depth. ISO 113473-1},
  author={ISO, International Organization for Standardization.},
  publisher = {Estados{ }Unidos},
  year = {2004},
  volume={1}
}

@standard{iso4287,
  title={Especificações geométricas do produto (GPS) - Rugosidade: Metódo do perfil - Termos, definições e parâmetros da rugosidade. ISO 4287},
  author={ABNT, Associação Brasileira de Normas Técnicas},
  publisher = {Brasil},
  year = {2002},
  volume={1}
}

@standard{astme965,
	title={Standard Test Method for Measuring Pavement Macrotexture Depth Using a Volumetric Technique. ASTM E965},
    author={ASTM, American Society for Testing Materials},
    publisher = {Estados{ }Unidos},
    year={2006},
    adress={West Conshohocken}
}

@standard{dnit031,
  title={Pavimentos flexíveis - Concreto asfáltico -
Especificação de serviço. DNIT 031},
  author={DNIT, Departamento Nacional de Infraest de Transportes},
  publisher={Brasil},
  year = {2006}
}

@article{bernuccipavimentaccao,
  title={Pavimenta{\c{c}}{\~a}o asf{\'a}ltica: forma{\c{c}}{\~a}o b{\'a}sica para engenheiros},
  author={Bernucci, Liedi Bariani and Motta, LMG da and Ceratti, Jorge Augusto Pereira and SOARES, Jorge Barbosa},
  journal={Rio de Janeiro},
  pages={504},
  year={2008}
}

@article{bernuccipavimentaccao,
  title={Pavimenta{\c{c}}{\~a}o asf{\'a}ltica: forma{\c{c}}{\~a}o b{\'a}sica para engenheiros},
  author={Bernucci, Liedi Bariani and Motta, LMG da and Ceratti, Jorge Augusto Pereira and SOARES, Jorge Barbosa},
  journal={Rio de Janeiro},
  pages={504},
  year={2008}
}

@article{celko,
  title={Analysis of the Pavement Surface Texture by 3D Scanner},
  author={{\v{C}}elko, J{\'a}n and Kov{\'a}{\v{c}}, Mat{\'u}{\v{s}} and Kotek, Peter},
  journal={Transportation Research Procedia},
  volume={14},
  pages={2994--3003},
  year={2016},
  publisher={Elsevier}
}

@book{dagnall,
  title={Exploring surface texture},
  author={Dagnall, Henry},
  year={1980},
  publisher={Rank Taylor Hobson}
}

@misc{machado,
  title={Avalia{\c{c}}{\~a}o da rugosidade em superf{\'\i}cie complexas},
  author={Machado, A},
  year={2009},
  publisher={Sociedade Educacional de Santa Catarina. Instituto Superior Tupy.}
}

@article{wambold,
  title={INTERNATIONAL PIARC EXPERIMENT TO COMPARE AND HARMONIZE TEXTURE AND SKID RESISTANCE MEASUREMENT.},
  author={Wambold, James C and Henry, JJ},
  journal={Nordic Road and Transport Research},
  year={1994}
}

@article{kuchiishi,
  title={ESTUDO DA MACROTEXTURA DO PAVIMENTO A PARTIR DE ENSAIOS DE MANCHA DE AREIA E DRENABILIDADE EM CONJUNTO COM AN{\'A}LISE DA SUPERF{\'I}CIE POR ESTEREOSCOPIA},
  author={Kuchiishi, Andr{\'e} Kazuo and Callai, S{\'e}rgio Copetti and Vieira, Tiago and Bernucci, Liedi Bariani},
  journal={XXVIII Congresso Nacional de Pesquisa e Ensino em Transporte da ANPET},
  year = {2014}
}

@article{piratelli,
  title={Rugosidade superficial},
  author={Piratelli{ }Filho, Antonio},
  journal={Semin{\'a}rio de Metrologia},
  volume={3},
  year={2011}
}

@article{scheers,
  title={Assessment of steel surface roughness and waviness in relation with paint appearance},
  author={Scheers, J and Vermeulen, Michel and De Mar{\'e}, C and Meseure, K},
  journal={International Journal of Machine Tools and Manufacture},
  volume={38},
  number={5-6},
  pages={647--656},
  year={1998},
  publisher={Elsevier}
}

@article{demare,
  title={Development of the SIBETEX sheet having excellent drawability and paint appearance},
  author={De Mare, C and Scheers, J and Lambert, F and Vermeulen, M and Graef, L and Gadeyne, Y},
  journal={Revue de Metallurgie, Cahiers d'Informations Techniques(France)},
  volume={94},
  number={6},
  pages={827--836},
  year={1997}
}

@online{unicamp,
  author = {Unicamp},
  title = {{Unicamp} Rugosidade Superficial},
  url = {http://www.fem.unicamp.br/~sergio1/graduacao/EM335/rugosidade.htm},
  year = {2011},
  urldate = {2017-01-10}
}

@inproceedings{pratico,
  title={Surface Performance Characterization of Single-Layer Surface Dressing: A Macrotexture Prediction Model},
  author={Pratic{\`o}, Filippo Giammaria and Vaiana, Rosolino and Iuele, Teresa},
  booktitle={8th RILEM International Symposium on Testing and Characterization of Sustainable and Innovative Bituminous Materials},
  pages={459--470},
  year={2016},
  organization={Springer}
}

@inproceedings{boscaino,
  title={Tyre/road noise on different road pavements: synergetic influence of acoustical absorbing coefficient and surface texture},
  author={Boscaino, Gabriele and Pratic{\`o}, Filippo Giammaria and Vaiana, Rosolino},
  booktitle={EAEC-European Automotive Congress--Environmental impact of road transport session, Beograd (Belgrado), 30th May-1st June ISBN},
  pages={978--160423604},
  year={2005}
}

@book{magalhaes,
	author={Magalh{\~a}es, Marcos N. and Lima, Antônio C. P.},
    title={Noções de probabilidade e estatística.},
    publisher={Edusp, Universidade de São Paulo, São Paulo.},
    edition={6 ed.},
    year={2004}
}

@article{bitelli,
  title={Laser scanning on road pavements: a new approach for characterizing surface texture},
  author={Bitelli, Gabriele and Simone, Andrea and Girardi, Fabrizio and Lantieri, Claudio},
  journal={Sensors},
  volume={12},
  number={7},
  pages={9110--9128},
  year={2012},
  publisher={Molecular Diversity Preservation International}
}

@article{Brasil:2006,
	author = {BRASIL},
	title = {Manual de Restauração de Pavimentos Asfálticos},
    journal={Departamento Nacional de Infraestrutura de Transportes, DNIT, Rio de Janeiro},
	year = {2006}
}

@article{azevedo,
  title = {Constru{\c{c}}{\~a}o e Reabilita{\c{c}}{\~a}o de Pavimentos - Indicadores de Estado de Conservação dos Pavimentos },
  author = {Azevedo, M},
  journal = {Documento Base, INIR, Lisboa},
  year={2009}
}

@manual{liedi,
	author={Liedi, B. and Motta, L. and Ceratti, J.and Soares, J.},
    title={Pavimentação asfáltica: formação básica para engenheiros},
    publisher={Rio de Janeiro: Petrobras: ABEDA},
    year={2008}
}

@book{dagnall2,
  title={Exploring surface texture},
  author={Dagnall, Henry},
  year={1980},
  publisher={Rank Taylor Hobson}
}

@phdthesis{callai,
  title={Estudo do ru{\'\i}do causado pelo tr{\'a}fego de ve{\'\i}culos em rodovias com diferentes tipos de revestimentos de pavimentos.},
  author={Callai, S{\'e}rgio Copetti},
  year={2011},
  school={Universidade de S{\~a}o Paulo}
}

@inproceedings{pulugurtha,
  title={Pavement Macrotexture Thresholds to Enhance Safety: Case Study Using I-40 Data in Durham County, North Carolina},
  author={Pulugurtha, Srinivas Subrahmanyam and Patel, Kuvleshay J and Kusam, Prasanna},
  booktitle={Transportation Research Board 90th Annual Meeting},
  number={11-2041},
  year={2011}
}

@article{dasilva,
  title={Avalia{\c{c}}{\~a}o da redu{\c{c}}{\~a}o de acidentes em pavimentos com microrrevestimento a frio},
  author={da Silva, Amanda Helena Marcandali and Bernucci, Liedi Legi Bariani and Aranha, Ana Luisa and Suzuki, Carlos Yukio and Chaves, Jos{\'e} M{\'a}rio},
  year = {2011}
}

@article{specht,
  title={Avalia{\c{c}}{\~a}o da macrotextura de pavimentos atrav{\'e}s do ensaio de mancha de areia Evaluation of pavement macrotexture by sand patch technique},
  author={Specht, Luciano P and Rozek, Thiago and Hirsch, F{\'a}bio and dos Santos, Reginaldo T},
  journal={Teoria e Pr{\'a}tica na Engenharia Civil},
  number={10},
  pages={30--38},
  year={2007}
}

@article{lee,
  title={Effect of pavement surface texture on British pendulum test},
  author={Lee, Yang Pin Kelvin and Fwa, Tien Fang and Choo, Yoo Sang},
  journal={Journal of the Eastern Asia Society for Transportation Studies},
  volume={6},
  pages={1247--1257},
  year={2005},
  publisher={Eastern Asia Society for Transportation Studies}
}

@article{slimane,
  title={Characterization of road microtexture by means of image analysis},
  author={Slimane, Anis Ben and Khoudeir, Majdi and Brochard, Jacques and Do, Minh-Tan},
  journal={Wear},
  volume={264},
  number={5},
  pages={464--468},
  year={2008},
  publisher={Elsevier}
}

@article{khoudeirs,
  title={Roughness characterization through 3D textured image analysis: contribution to the study of road wear level},
  author={Khoudeir, Madji and Brochard, Jacques and Legeay, Vincent and Do, M-T},
  journal={Computer-Aided Civil and Infrastructure Engineering},
  volume={19},
  number={2},
  pages={93--104},
  year={2004},
  publisher={Wiley Online Library}
}

@article{perera,
  title={Issues in pavement smoothness},
  author={Perera, RW and Kohn, SD},
  journal={Transportation Research Board, Washington, DC},
  year={2002}
}

@phdthesis{barella,
  title={Contribui{\c{c}}{\~a}o para a avalia{\c{c}}{\~a}o da irregularidade longitudinal de pavimentos com perfil{\^o}metros inerciais},
  author={Barella, Rodrigo Maluf},
  year={2008},
  school={Universidade de S{\~a}o Paulo}
}

@article{means,
  title={Predicting forest stand characteristics with airborne scanning lidar},
  author={Means, Joseph E and Acker, Steven A and Fitt, Brandon J and Renslow, Michael and Emerson, Lisa and Hendrix, Chad J and others},
  journal={Photogrammetric Engineering and Remote Sensing},
  volume={66},
  number={11},
  pages={1367--1372},
  year={2000},
  publisher={ASPRS AMERICAN SOCIETY FOR PHOTOGRAMMETRY AND}
}

@article{giongo,
  title={LiDAR: princ{\'\i}pios e aplica{\c{c}}{\~o}es florestais},
  author={Giongo, Marcos and Koehler, Henrique Soares and do Amaral Machado, Sebasti{\~a}o and Kirchner, Flavio Felipe and Marchetti, Marco},
  journal={Pesquisa Florestal Brasileira},
  volume={30},
  number={63},
  pages={231},
  year={2010}
}

@article{schwarz,
  title={LIDAR: Mapping the world in 3D},
  author={Schwarz, Brent},
  journal={Nature Photonics},
  volume={4},
  number={7},
  pages={429},
  year={2010},
  publisher={Nature Publishing Group}
}

@article{rasshofer,
  title={Automotive radar and lidar systems for next generation driver assistance functions},
  author={Rasshofer, RH and Gresser, K},
  journal={Advances in Radio Science},
  volume={3},
  number={B. 4},
  pages={205--209},
  year={2005},
  publisher={Copernicus GmbH}
}

@article{sengoz,
  title={Comparison of pavement surface texture determination by sand patch test and 3D laser scanning},
  author={Sengoz, Burak and Topal, Ali and Tanyel, Serhan},
  journal={Periodica Polytechnica. Civil Engineering},
  volume={56},
  number={1},
  pages={73},
  year={2012},
  publisher={Periodica Polytechnica, Budapest University of Technology and Economics}
}

@online{nextengine,
  author = {Next{ }Engine},
  title = {{Next Engine} Laser Scanner},
  url = {https://www.nextengine.com/products/scanner/specs},
  urldate = {2017-02-01},
  year = {2016}
}

@article{coutinho,
  title={Avalia{\c{c}}{\~a}o da utiliza{\c{c}}{\~a}o de t{\'e}cnicas de estereoscopia para apresenta{\c{c}}{\~a}o de conceitos de geometria descritiva},
  author={Coutinho, Henrique Jos{\'e} Souza and Petry, Alexsander and Cardoso, Fernanda Caetano},
  journal={Graphica Curitiba, Paran{\'a}, Brasil},
  year={2007}
}

@book{espartel,
  title={Curso de topografia},
  author={Espartel, Lelis},
  year={1975},
  publisher={Globo}
}

@article{simmec,
  title={DETERMINAÇÃO DOS PARÂMETROS DE RUGOSIDADE DE PAVIMENTOS ASFÁLTICOS VIA ESCANEAMENTO TRIDIMENSIONAL A LASER},
  author={Neves, Gabriel and Goulart, Gisele and Goliatt, Leonardo and Bastos, Flávia and Resende, Natália and Marques, Geraldo and Farage, Michèle },
  journal={XII Simpósio de Mecânica Computacional},
  year = {2016}
}

@standard{dermg,
  title={Avaliação da macro textura de pavimentos viários através do ensaio de mancha de areia},
  author={DER{ }MG, Departamento de Estradas de Rodagem do Estado de Minas Gerais},
  publisher = {Brasil},
  year = {2005},
  volume={1}
}

@article{bartholomeu,
  title={Impactos econ{\^o}micos e ambientais decorrentes do estado de conserva{\c{c}}{\~a}o das rodovias brasileiras: um estudo de caso},
  author={Bartholomeu, Daniela Bacchi and Caixeta Filho, Jos{\'e} Vicente},
  journal={Revista de Economia e Sociologia Rural},
  volume={46},
  number={3},
  pages={703--738},
  year={2008},
  publisher={SciELO Brasil}
}

@article{varella,
  title={An{\'a}lise de componentes principais},
  author={Varella, Carlos Alberto Alves},
  journal={Serop{\'e}dica: Universidade Federal Rural do Rio de Janeiro},
  year={2008}
}
