@article{de2016operational,
  title={An operational dynamical neuro-forecasting model for hydrological disasters},
  author={de Lima, Glauston RT and Santos, Leonardo BL and de Carvalho, Tiago J and Carvalho, Adenilson R and Cortivo, F{\'a}bio D and Scofield, Graziela B and Negri, Rog{\'e}rio G},
  journal={Modeling Earth Systems and Environment},
  volume={2},
  number={2},
  pages={1--9},
  year={2016},
  publisher={Springer},
  url={https://link.springer.com/article/10.1007/s40808-016-0145-3},
  urlaccessdate = {22 nov. 2017}
}
@article{kobiyama2004papel,
  title={Papel da comunidade e da universidade no gerenciamento de desastres naturais},
  author={Kobiyama, Masato and Checchia, Tatiane and Silva, RV and Schr{\"o}der, PH and Grando, A and Reginatto, GMP},
  journal={Simp{\'o}sio Brasileiro de Desastres Naturais},
  volume={1},
  pages={834--846},
  year={2004},
  address={Florianópolis}
}
@article{freitas2012vulnerabilidade,
  title={Vulnerabilidade socioambiental, redu{\c{c}}{\~a}o de riscos de desastres e constru{\c{c}}{\~a}o da resili{\^e}ncia: li{\c{c}}{\~o}es do terremoto no {H}aiti e das chuvas fortes na Regi{\~a}o Serrana, {B}rasil},
  author={Freitas, Carlos Machado de and Carvalho, Mauren Lopes de and Ximenes, Elisa Francioli and Arraes, Eduardo Fonseca and Gomes, Jos{\'e} Orlando},
  journal={Cien Saude Colet},
  volume={17},
  number={6},
  pages={1577--1586},
  year={2012},
  address = {São Paulo}
}
@book{coppin2015inteligencia,
  title={Intelig{\^e}ncia artificial},
  author={Coppin, Ben},
  year={2015},
  publisher={Grupo Gen-LTC}
}
@book{michael2015neural,
  title={Neural networks and deep learning},
  author={Michael, A Nielsen},
  year={2015},
  publisher={Determination Press},
  url={http://neuralnetworksanddeeplearning.com/},
  urlaccessdate = {22 nov. 2017}
}
@book{Goodfellow-et-al-2016,
    title={Deep Learning},
    author={Ian Goodfellow and Yoshua Bengio and Aaron Courville},
    publisher={MIT Press},
    year={2016},
    url={http://www.deeplearningbook.org},
    urlaccessdate={22 nov. 2017}
}
@book{mitchell2006discipline,
  title={The discipline of machine learning},
  author={Mitchell, Tom Michael},
  volume={9},
  year={2006},
  publisher={Carnegie Mellon University, School of Computer Science, Machine Learning Department}
}

@article{ehlers2007analise,
  title={An{\'a}lise de s{\'e}ries temporais},
  author={Ehlers, Ricardo S},
  journal={Universidade Federal do Paran{\'a}},
  year={2009}, 
  url = {http://www.icmc.usp.br/ ehlers/stemp/stemp.pdf},
  urlaccessdate = {11 nov. 2017}
}

@misc{SetupEnv,
        Author = {Jason Brownlee},
        Date-Modified = {2017-08-14},
        Day = {14},
        Howpublished =
{{https://machinelearningmastery.com/multivariate-time-series-forecasting-lstms-keras/}},
        Keywords = {IA, Machine Learngin, Python, Environment},
        Month = {August.},
        Note = {August 14, 2017},
        Title = {Multivariate Time Series Forecasting with LSTMs in Keras},
        Url = {{https://machinelearningmastery.com/multivariate-time-series-forecasting-lstms-keras/}},
        Urlacessdate = {22 oct. 2017},
        Year = {2017}}

@article{scikit-learn,
 title={Scikit-learn: Machine Learning in {P}ython},
 author={Pedregosa, F. and Varoquaux, G. and Gramfort, A. and Michel, V.
         and Thirion, B. and Grisel, O. and Blondel, M. and Prettenhofer, P.
         and Weiss, R. and Dubourg, V. and Vanderplas, J. and Passos, A. and
         Cournapeau, D. and Brucher, M. and Perrot, M. and Duchesnay, E.},
 journal={Journal of Machine Learning Research},
 volume={12},
 pages={2825--2830},
 year={2011},
 url = {http://scikit-learn.sourceforge.net},
 urlaccessdate = {22 nov. 2017}
}

@online{LSTMBook,
  author = {Jason Brownlee},
  title = {{Jason Brownlee} Long Short-Term Memory Networks With Python},
  url = {https://machinelearningmastery.com/lstms-with-python/},
  year = {2017},
  urldate = {2017-11-11},
  urlaccessdate = {11 nov. 2017}
}

@online{chollet2015keras,
  title={Keras},
  author={Chollet, Fran\c{c}ois and others},
  year={2015},
  publisher={GitHub},
  url = {https://github.com/fchollet/keras},
  urldate={2017-11-22},
  urlaccessdate = {22 nov. 2017}
}

@online{LSTMIBM,
  title={Deep Learning Architectures},
  author={Jones, M. Tim},
  publisher={IBM},
  url = {https://www.ibm.com/developerworks/library/cc-machine-learning-deep-learning-architectures/index.html},
  urldate={2017-11-22},
  year = {2017},
  urlaccessdate = {22 nov. 2017}
}

@online{tensorFlow,
  author = {Tensor{ }Flow},
  title = {{Tensor Flow} },
  url = {https://www.tensorflow.org},
  urldate = {2017-11-22},
  year = {2017},
  urlaccessdate = {22 nov. 2017}
}

@online{skLearn,
  author = {Scikit{ }Learn},
  title = {{Scikit-Learn} },
  url = {https://scikit-learn.org},
  urldate = {2017-11-22},
  year = {2017},
  urlaccessdate = {22 nov. 2017}
}

@online{statsModels,
  author = {Stats{ }Models},
  title = {{StatsModels} },
  url = {https://www.statsmodels.org},
  urldate = {2017-11-22},
  year = {2017},
  urlaccessdate = {22 nov. 2017}
}

@online{pandas,
  author = {Pandas{ }},
  title = {{Pandas} },
  url = {http://pandas.pydata.org/pandas-docs/stable/},
  urldate = {2017-11-22},
  year = {2017},
  urlaccessdate = {22 nov. 2017}
}

@online{Hunter:2007,
  Author    = {Hunter, J. D.},
  Title     = {Matplotlib: A 2D graphics environment},
  Journal   = {Computing In Science \& Engineering},
  Volume    = {9},
  Number    = {3},
  Pages     = {90--95},
  abstract  = {Matplotlib is a 2D graphics package used for Python
  for application development, interactive scripting, and
  publication-quality image generation across user
  interfaces and operating systems.},
  publisher = {IEEE COMPUTER SOC},
  doi = {10.1109/MCSE.2007.55},
  year      = {2007},
  url = {https://matplotlib.org},
  urlaccessdate = {22 nov. 2017}
}

@online{numpy,
  author = {NumPy{ }},
  title = {{NumPy} },
  url = {http://www.numpy.org/},
  urldate = {2017-11-22},
  year = {2017},
  urlaccessdate = {22 nov. 2017}
}

@online{scipy,
  author = {SciPy{ }},
  title = {{SciPy} },
  url = {https://scipy.org/},
  urldate = {2017-11-22},
  year = {2017},
  urlaccessdate = {22 nov. 2017}
}
